@article{ind_007,
    author  = "Cristóbal Romero, Sebastián Ventura, Pedro G. Espejo and César Hervás",
    title   = "Data Mining Algorithms to Classify Students",
    year    = "2012"
}
